<?xml version="1.0" encoding="UTF-8"?><collection xmlns="http://www.loc.gov/MARC21/slim"><record><leader>00487nam--2200181-u-4500</leader><controlfield tag="001">000053309</controlfield><controlfield tag="002">20161230</controlfield><controlfield tag="005">20170208152256</controlfield><controlfield tag="008">110203s1000------------r-----000-0-eng-d</controlfield><datafield ind1=" " ind2=" " tag="020"><subfield code="a">9781860941351</subfield></datafield><datafield ind1=" " ind2=" " tag="040"><subfield code="a">IFIN-HH</subfield></datafield><datafield ind1="1" ind2=" " tag="100"><subfield code="a">Gibbon, Paul</subfield></datafield><datafield ind1="1" ind2="0" tag="245"><subfield code="a">Short pulse laser interactions with matter;</subfield><subfield code="b">An introduction;</subfield><subfield code="c">Paul, Gibbon</subfield></datafield><datafield ind1=" " ind2=" " tag="260"><subfield code="a">London</subfield><subfield code="b">Imperial College Press</subfield><subfield code="c">2005</subfield></datafield><datafield ind1=" " ind2=" " tag="300"><subfield code="a">312P</subfield></datafield><datafield ind1=" " ind2="4" tag="650"><subfield code="a">Laser</subfield></datafield><datafield ind1=" " ind2=" " tag="852"><subfield code="a">82322</subfield><subfield code="c">538.9</subfield></datafield><datafield ind1=" " ind2=" " tag="CAT"><subfield code="a">SYS</subfield><subfield code="c">20170208</subfield><subfield code="h">152256</subfield></datafield></record></collection>